<?xml version="1.0" encoding="UTF-8"?><collection xmlns="http://www.loc.gov/MARC21/slim"><record><leader>00292nam--2200133-i-4500</leader><controlfield tag="001">000023336</controlfield><controlfield tag="002">20161230</controlfield><controlfield tag="005">20161230201035</controlfield><controlfield tag="008">060222s1000------------r-----000-0-eng-d</controlfield><datafield ind1=" " ind2=" " tag="100"><subfield code="a">/S.A.</subfield></datafield><datafield ind1=" " ind2=" " tag="245"><subfield code="a">Grigull, u</subfield></datafield><datafield ind1=" " ind2=" " tag="260"><subfield code="a">/S.A.</subfield></datafield><datafield ind1=" " ind2=" " tag="490"><subfield code="a">Oxford, Pergamon Press, 1969</subfield></datafield><datafield ind1=" " ind2=" " tag="700"><subfield code="a">Grigull, U</subfield></datafield></record></collection>